%% This BibTeX bibliography file was created using BibDesk.
%% http://bibdesk.sourceforge.net/


%% Created for Brett Larsen at 2014-01-19 22:33:03 -0700 


%% Saved with string encoding Unicode (UTF-8) 





@article{bourke,
	Author = {Paul Bourke},
	Month = {April},
	Title = {The Lorenz Attractor in 3D},
	Url = {http://paulbourke.net/fractals/lorenz/},
	Year = {1997}}
		
@article{Bravi,
	Author = {Bravi, A. and Longtin, A. and Seely, A.},
	Journal = {BioMedical Engineering OnLine},
	Title = {Review and classification of variability analysis techniques with clinical applications},
	Url = {http://www.biomedical-engineering-online.com/content/10/1/90},
	Year = {2011}}
	
@article{Viswanath,
	Author = {Viswanath, D.},
	DOI = {10.1016/j.physd.2003.10.006},
	Journal = {Elsevier},
	Title = {The fractal property of the Lorenz attractor},
	Url = {http://www.math.lsa.umich.edu/~divakar/papers/Viswanath2004.pdf},
	Year = {2003}}
	
@article{attractor,
	Author = {D.V. Anosov},
	Journal = {Encyclopedia of Mathematics},
	Title = {Lorenz Attractor},
	Url = {http://www.encyclopediaofmath.org},
	Year = {2011}}
	
@article{lasers,
	Author = {Haken, H},
	DOI = {10.1016/0375-9601(75)90353-9},
	Journal = {Physics Letters A},
	Volume = {53},
	Pages = {77-78},
	Title = {Analogy between higher instabilities in fluids and lasers},
	Year = {1975}}



